<record><leader>00000cas a2200000 a 4500</leader><controlfield tag="001">9573981</controlfield><controlfield tag="008">830603d18051805meuwr ne      0    0eng c</controlfield><datafield ind1=" " ind2=" " tag="010"><subfield code="a">sn 83045636 </subfield></datafield><datafield ind1=" " ind2=" " tag="040"><subfield code="a">CRL</subfield><subfield code="b">eng</subfield><subfield code="c">CRL</subfield><subfield code="d">NPW</subfield><subfield code="d">NPX</subfield><subfield code="d">NPW</subfield><subfield code="d">NVH</subfield><subfield code="d">IUL</subfield><subfield code="d">MGN</subfield><subfield code="d">MBN</subfield><subfield code="d">NVK</subfield><subfield code="d">OBN</subfield><subfield code="d">OCL</subfield><subfield code="d">NYS</subfield><subfield code="d">KRTAS</subfield><subfield code="d">DLC</subfield><subfield code="d">OCLCQ</subfield><subfield code="d">OCLCF</subfield></datafield><datafield ind1="1" ind2=" " tag="029"><subfield code="a">AU@</subfield><subfield code="b">000020128384</subfield></datafield><datafield ind1=" " ind2=" " tag="042"><subfield code="a">pcc</subfield></datafield><datafield ind1=" " ind2=" " tag="043"><subfield code="a">n-us-me</subfield></datafield><datafield ind1="0" ind2=" " tag="130"><subfield code="a">Portland gazette (Portland, Me. : 1805)</subfield></datafield><datafield ind1="1" ind2="0" tag="245"><subfield code="a">Portland gazette.</subfield></datafield><datafield ind1=" " ind2=" " tag="260"><subfield code="a">Portland, Me. :</subfield><subfield code="b">Elezer A. Jenks,</subfield><subfield code="c">1805.</subfield></datafield><datafield ind1=" " ind2=" " tag="300"><subfield code="a">v. ;</subfield><subfield code="c">48 cm.</subfield></datafield><datafield ind1=" " ind2=" " tag="310"><subfield code="a">Weekly</subfield></datafield><datafield ind1="0" ind2=" " tag="362"><subfield code="a">Vol. 7, no. 48 (Mar. 18, 1805)-v. 8, no. 13 (July 16, 1805) = whole no. 360-377.</subfield></datafield><datafield ind1=" " ind2=" " tag="530"><subfield code="a">Available on microfilm from Readex Microprint Corp.</subfield></datafield><datafield ind1=" " ind2="0" tag="651"><subfield code="a">Portland (Me.)</subfield><subfield code="v">Newspapers.</subfield></datafield><datafield ind1=" " ind2="0" tag="651"><subfield code="a">Cumberland County (Me.)</subfield><subfield code="v">Newspapers.</subfield></datafield><datafield ind1=" " ind2="7" tag="655"><subfield code="a">Newspapers.</subfield><subfield code="2">fast</subfield><subfield code="0">(OCoLC)fst01423814</subfield></datafield><datafield ind1=" " ind2="7" tag="651"><subfield code="a">Maine</subfield><subfield code="z">Cumberland County.</subfield><subfield code="2">fast</subfield><subfield code="0">(OCoLC)fst01221057</subfield></datafield><datafield ind1=" " ind2="7" tag="651"><subfield code="a">Maine</subfield><subfield code="z">Portland.</subfield><subfield code="2">fast</subfield><subfield code="0">(OCoLC)fst01213254</subfield></datafield><datafield ind1=" " ind2=" " tag="752"><subfield code="a">United States</subfield><subfield code="b">Maine</subfield><subfield code="c">Cumberland</subfield><subfield code="d">Portland.</subfield></datafield><datafield ind1="0" ind2="0" tag="780"><subfield code="t">Jenks' Portland gazette</subfield><subfield code="w">(DLC)sn 83016081</subfield><subfield code="w">(OCoLC)9384936</subfield></datafield><datafield ind1="0" ind2="0" tag="785"><subfield code="t">Portland gazette and Maine advertiser</subfield><subfield code="w">(DLC)sn 83016082</subfield><subfield code="w">(OCoLC)9385026</subfield></datafield><datafield ind1=" " ind2=" " tag="938"><subfield code="a">Kirtas Technologies, Inc.</subfield><subfield code="b">KRTS</subfield><subfield code="n">736829</subfield></datafield></record>